@article{einstein1905does,
  title={Does the inertia of a body depend upon its energy-content?},
  author={Einstein, A.},
  journal={Annalen der Physik},
  volume={18},
  pages={639--641},
  year={1905}
}
